@article{Ehiwario2014Comparative,
  title={Comparative Study of Bisection, Newton-Raphson and Secant Methods of Root- Finding Problems},
  author={Ehiwario and Aghamie},
  number={4},
  year={2014},
}
@Misc{wikien,
  howpublished={\url{https://en.wikipedia.org/wiki/Newton\%27s_method}},
  note={Accessed 4 July},
  title={Newton's method},
  author={Wikipedia},
}
@Misc{gslref,
  howpublished={\url{https://www.gnu.org/software/gsl/doc/html/roots.html}},
  note={Accessed 4 July},
  title={One dimensional Root-Finding},
  author={GSL},
}